% -----------------------------------------------
@misc{boost,
   title = {{Boost C++ Libraries}},
   URL = {http://www.boost.org/}
}
% -----------------------------------------------
@misc{openmp,
   title = {{OpenMP}},
   URL = {http://openmp.org}
}
% -----------------------------------------------
@misc{cmake,
   title = {{CMake}},
   URL = {http://www.cmake.org/}
}
% -----------------------------------------------
@misc{khronoscl,
   title = {{Khronos OpenCL}},
   URL = {http://www.khronos.org/opencl/}
}
% -----------------------------------------------
@misc{nvidiacl,
   title = {{NVIDIA OpenCL}},
   URL = {http://www.nvidia.com/object/cuda_opencl_new.html}
}
% -----------------------------------------------
@misc{xcode,
   title = {{Xcode Developer Tools}},
   URL = {http://developer.apple.com/technologies/tools/xcode.html}
}
% -----------------------------------------------
@misc{fink,
   title = {{Fink}},
   URL = {http://www.finkproject.org/}
}
% -----------------------------------------------
@misc{darwinports,
   title = {{DarwinPorts}},
   URL = {http://darwinports.com/}
}
% -----------------------------------------------
@misc{macports,
   title = {{MacPorts}},
   URL = {http://www.macports.org/}
}
% -----------------------------------------------
@misc{atistream,
   title = {{ATI Stream SDK}},
   URL = {http://developer.amd.com/gpu/ATIStreamSDK/Pages/default.aspx}
}
% -----------------------------------------------
@misc{atistreamdocu,
   title = {{ATI Stream SDK - Documentation}},
   URL = {http://developer.amd.com/gpu/ATIStreamSDK/pages/Documentation.aspx}
}
% -----------------------------------------------
@misc{atidouble,
   title = {{ATI Knowledge Base - Double Support}},
   URL = {http://developer.amd.com/support/KnowledgeBase/Lists/KnowledgeBase/DispForm.aspx?ID=88}
}
% -----------------------------------------------
@misc{eigen,
   title = {{Eigen Library}},
   URL = {http://eigen.tuxfamily.org/}
}
% -----------------------------------------------
@misc{mtl4,
   title = {{MTL 4 Library}},
   URL = {http://www.mtl4.org/}
}
% -----------------------------------------------
@book{saad-iterative-solution,
	author = {Saad, Y.  },
	howpublished = {Paperback},
	isbn = {0898715342},
	month = {April},
	publisher = {{Society for Industrial and Applied Mathematics}},
	title = {Iterative Methods for Sparse Linear Systems, Second Edition},
	year = {2003}
}
% -----------------------------------------------
@misc{pugixml,
   title = {{pugixml}},
   URL = {http://code.google.com/p/pugixml/}
}
% -----------------------------------------------
